@book{Russell2010,
    author = {Russell, Stuart and Norvig, Peter},
    title = {Artificial Intelligence: A Modern Approach},
    year = {2010},
    publisher = {Pearson}
}

@book{Goodfellow2016,
    author = {Goodfellow, Ian and Bengio, Yoshua and Courville, Aaron},
    title = {Deep Learning},
    year = {2016},
    publisher = {MIT Press}
}

@article{LeCun2015,
    author = {LeCun, Yann and Bengio, Yoshua and Hinton, Geoffrey},
    title = {Deep Learning},
    journal = {Nature},
    volume = {521},
    pages = {436--444},
    year = {2015}
}

@article{Zhang2020,
    author = {Zhang, Junyu and Ding, Wenbo},
    title = {Prediction of Air Pollutants Concentration Based on an Extreme Learning Machine: The Case of Hong Kong},
    journal = {International Journal of Environmental Research and Public Health},
    volume = {17},
    number = {43},
    year = {2020}
}